@article{Song2021,
  author    = {Dongping Song},
  doi       = {10.3390/logistics5020041},
  issn      = {23056290},
  issue     = {2},
  journal   = {Logistics},
  keywords  = {container shipping supply chain,decarbonization,digitalization,literature review,transport logistics},
  month     = {6},
  publisher = {MDPI},
  title     = {A Literature Review, Container Shipping Supply Chain: Planning Problems and Research Opportunities},
  volume    = {5},
  year      = {2021}
}

@article{Huang2019,
  author    = {Sheng Teng Huang and Emrah Bulut and Okan Duru},
  doi       = {10.1186/s41072-019-0053-6},
  issue     = {1},
  journal   = {Journal of Shipping and Trade},
  month     = {12},
  publisher = {Springer Science and Business Media LLC},
  title     = {Service quality evaluation of international freight forwarders: an empirical research in East Asia},
  volume    = {4},
  year      = {2019}
}
@misc{ITF2023,
  author    = {ITF},
  city      = {Paris},
  doi       = {10.1787/b6cc9ad5-en},
  isbn      = {9789282144817},
  month     = {5},
  publisher = {OECD},
  title     = {ITF Transport Outlook 2023},
  url       = {https://www.oecd-ilibrary.org/transport/itf-transport-outlook-2023_b6cc9ad5-en},
  year      = {2023}
}

@inbook{Wang2021,
  author    = {Wang, Scott and Kern, Johannes},
  booktitle = {The Digital Transformation of Logistics: Demystifying Impacts of the Fourth Industrial Revolution},
  title     = {Digitalization Solutions in the Competitive CEP Industry – Experiences from a Global Player in China},
  year      = {2021},
  volume    = {},
  number    = {},
  pages     = {97-112},
  keywords  = {Logistics;Industries;Companies;Business;Uninterruptible power systems;Transportation;Sociology},
  doi       = {10.1002/9781119646495.ch7},
  publisher = {Wiley-IEEE Press}
}

@inbook{Sullivan2021,
  author    = {Sullivan, Mac and Wong, Dennis and Tang, Zheyuan},
  booktitle = {The Digital Transformation of Logistics: Demystifying Impacts of the Fourth Industrial Revolution},
  title     = {The Evolution of Freight Forwarding Sales},
  year      = {2021},
  volume    = {},
  number    = {},
  pages     = {329-344},
  keywords  = {Companies;Industries;Tools;Portals;Supply chains;Business;Procurement},
  doi       = {10.1002/9781119646495.ch23},
  publisher = {Wiley-IEEE Press}
}

@inbook{Sullivan2021_2,
  author    = {Sullivan, Mac},
  booktitle = {The Digital Transformation of Logistics: Demystifying Impacts of the Fourth Industrial Revolution},
  title     = {Platforms Enabling Digital Transformation},
  year      = {2021},
  volume    = {},
  number    = {},
  pages     = {147-151},
  keywords  = {Companies;Industries;Supply chains;Seaports;Ports (computers);Government;Blockchain},
  doi       = {10.1002/9781119646495.ch10},
  publisher = {Wiley-IEEE Press}
}

@misc{WebCargo,
  author       = {{WebCargo}},
  title        = {Shipping Quote},
  howpublished = {\url{https://www.freightos.com/glossary/shipping-quote/}},
  year         = {2023},
  note         = {(accessed: 19 Aug. 2025)}
}

@inbook{Huber2021,
  author    = {Huber, Ruben},
  booktitle = {The Digital Transformation of Logistics: Demystifying Impacts of the Fourth Industrial Revolution},
  title     = {The Digital Transformation of Freight Forwarders},
  year      = {2021},
  volume    = {},
  number    = {},
  pages     = {153-167},
  keywords  = {Logistics;Transportation;Industries;Tools;Market research;Digital transformation;Telephone sets},
  doi       = {10.1002/9781119646495.ch11},
  publisher = {Wiley-IEEE Press}
}

@misc{Devlop,
  author = {Devlop},
  title  = {Quem Somos},
  url    = {https://devlop.systems/quem-somos/},
  note   = {(accessed: 28 Jan. 2025)}
}

@misc{Mairon_Freight,
  author = {Mairon Freight},
  title  = {Which Factors Influence Freight Rates?},
  url    = {https://mairon.co.uk/which-factors-influence-freight-rates/},
  note   = {(accessed: 13 Feb. 2025)}
}

@article{Mushica2024,
  author  = {Florinë MUSHICA and Agon MEMETI},
  doi     = {10.62792/ut.jnsm.v9.i17-18.p2816},
  issn    = {25454072},
  issue   = {17-18},
  journal = {Journal of Natural Sciences and Mathematics of UT-JNSM},
  month   = {10},
  pages   = {207-218},
  title   = {A COMPREHENSIVE ANALYSIS OF ARCHITECTURAL PATTERNS IN ASP.NET CORE WEB APPLICATION DEVELOPMENT},
  volume  = {9},
  url     = {https://journals.unite.edu.mk/Abstract?AId=1209&DId=2816},
  year    = {2024}
}

@article{Peffers2007,
  author  = {Peffers, Ken and Tuunanen, Tuure and Rothenberger, Marcus and Chatterjee, S.},
  year    = {2007},
  month   = {01},
  pages   = {45-77},
  title   = {A design science research methodology for information systems research},
  volume  = {24},
  journal = {Journal of Management Information Systems}
}

@misc{Mozilla,
  author = {{Mozilla Developer Network}},
  title  = {Server-side web frameworks},
  url    = {https://developer.mozilla.org/en-US/docs/Learn_web_development/Extensions/Server-side/First_steps/Web_frameworks},
  note   = {(accessed: 7 Feb. 2025)}
}

@misc{Microsoft,
  author = {{Microsoft}},
  title  = {ASP.NET Core Documentation},
  url    = {https://learn.microsoft.com/en-us/aspnet/core/?view=aspnetcore-9.0},
  note   = {(accessed: 11 Feb. 2025)}
}

@inbook{Ciliberti2017,
  author    = {Ciliberti, John},
  title     = {ASP.NET Core MVC Fundamentals},
  booktitle = {ASP.NET Core Recipes: A Problem-Solution Approach},
  year      = {2017},
  publisher = {Apress},
  address   = {Berkeley, CA},
  pages     = {1--42},
  doi       = {10.1007/978-1-4842-0427-6_1},
  url       = {https://doi.org/10.1007/978-1-4842-0427-6_1}
}

@inproceedings{Haque2022,
  author    = {Sakib Haque and Zachary Eberhart and Aakash Bansal and Collin McMillan},
  doi       = {10.1145/nnnnnnn.nnnnnnn},
  isbn      = {9781450392983},
  booktitle = {IEEE International Conference on Program Comprehension},
  keywords  = {automatic documentation generation,evaluation metrics,source code summarization},
  pages     = {36-47},
  publisher = {IEEE Computer Society},
  title     = {Performance Evaluation of Back-End Frameworks: A Comparative Study},
  volume    = {2022-March},
  year      = {2022}
}

@article{Choma2023,
  author    = {Dominik Choma and Kinga Chwaleba and Mariusz Dzieńkowski},
  doi       = {10.35784/iapgos.4279},
  issn      = {23916761},
  issue     = {4},
  journal   = {Informatyka, Automatyka, Pomiary w Gospodarce i Ochronie Srodowiska},
  keywords  = {Django,Express,Spring Boot,efficiency,reliability,request processing time},
  pages     = {73-78},
  publisher = {Politechnika Lubelska},
  title     = {THE EFFICIENCY AND RELIABILITY OF BACKEND TECHNOLOGIES: EXPRESS, DJANGO, AND SPRING BOOT},
  volume    = {13},
  year      = {2023}
}

@misc{Karlsson2021,
  title  = {A Performance comparison Between ASP.NET Core and Express.js for creating Web APIs},
  author = {Karlsson, Oliver},
  year   = {2021}
}

@inproceedings{Madurapperuma2022,
  title     = {State-of-art frameworks for front-end and back-end web development},
  author    = {Madurapperuma, I. H. and Shafana, M. S. and Sabani, M. J. A.},
  booktitle = {2nd International Conference -2022 (ICST2022) Proceedings on "Building Sustainable Future Through Technological Transformation"},
  pages     = {62-67},
  publisher = {Faculty of Technology, South Eastern University of Sri Lanka, Sri Lanka},
  year      = {2022}
}

@article{Zanevych2024,
  author    = {Oleh Zanevych},
  doi       = {10.36074/grail-of-science.15.03.2024.031},
  issn      = {2710-3056},
  issue     = {37},
  journal   = {Grail of Science},
  month     = {3},
  pages     = {216-228},
  publisher = {European Scientific Platform (Publications)},
  title     = {ADVANCING WEB DEVELOPMENT: A COMPARATIVE ANALYSIS OF MODERN FRAMEWORKS FOR REST AND GRAPHQL BACK-END SERVICES},
  year      = {2024}
}

@article{Nguyen2022,
  title   = {Design and Implementation of Web Application Based on MVC Laravel Architecture},
  volume  = {6},
  url     = {https://www.ejece.org/index.php/ejece/article/view/448},
  doi     = {10.24018/ejece.2022.6.4.448},
  journal = {European Journal of Electrical Engineering and Computer Science},
  author  = {Nguyen, Luong Anh Tuan and Huynh, Thanh Son and Tran, Duc Tung and Vu, Quoc Hung},
  year    = {2022},
  pages   = {23–29}
}

@article{Chen2017,
  author   = {Songtao Chen and Shahed Ahmmed and Karu Lal and Chunhua Deming},
  issn     = {2313-4755},
  keywords = {Authentication,DRY,Django,Modern Web Applications,Python,Reusable Components,Scalability,Security},
  title    = {Django Web Development Framework: Powering the Modern Web},
  journal  = {American Journal of Trade and Policy},
  year     = {2017}
}

@misc{StackOverflow,
  author       = {{Stack Overflow}},
  title        = {{2024 Developer Survey: Technology}},
  howpublished = {\url{https://survey.stackoverflow.co/2024/technology}},
  year         = {2024},
  note         = {Accessed: 10 Feb. 2025}
}

@inbook{Berry2021,
  author    = {Berry, John},
  booktitle = {The Digital Transformation of Logistics: Demystifying Impacts of the Fourth Industrial Revolution},
  title     = {Logistics in the Cloud‐Powered Workplace},
  year      = {2021},
  pages     = {129-146},
  keywords  = {Cloud computing;Software as a service;Software;Logistics;Business;Servers;Organizations},
  doi       = {10.1002/9781119646495.ch9},
  publisher = {Wiley-IEEE Press}
}

@book{Nordic2012,
  title     = {Nordic Public Sector Cloud Computing-a Discussion Paper},
  author    = {Nordic Council of Ministers},
  year      = {2012},
  publisher = {Nordic Council of Ministers},
  doi       = {10.6027/TN2011-566}
}

@article{Alam2020,
  author    = {Tanweer Alam},
  doi       = {10.34306/itsdi.v1i2.103},
  issue     = {2},
  journal   = {IAIC Transactions on Sustainable Digital Innovation (ITSDI)},
  month     = {2},
  pages     = {108-115},
  publisher = {Pandawan},
  title     = {Cloud Computing and its role in the Information Technology},
  volume    = {1},
  year      = {2020}
}

@misc{Google,
  author = {{Google}},
  title  = {PaaS vs. IaaS vs. SaaS vs. CaaS: How are they different?},
  url    = {https://cloud.google.com/learn/paas-vs-iaas-vs-saas?hl=en},
  note   = {(accessed: 16 Feb. 2025)}
}

@article{Neumann2021,
  author    = {Andy Neumann and Nuno Laranjeiro and Jorge Bernardino},
  doi       = {10.1109/TSC.2018.2847344},
  issn      = {19391374},
  issue     = {4},
  journal   = {IEEE Transactions on Services Computing},
  keywords  = {API,HTTP,REST,RESTful,web,web services,web services analysis},
  month     = {7},
  pages     = {957-970},
  publisher = {Institute of Electrical and Electronics Engineers Inc.},
  title     = {An Analysis of Public REST Web Service APIs},
  volume    = {14},
  year      = {2021}
}

@book{Jin2018,
  author    = {Brenda Jin and Saurabh Sahni and Amir Shevat},
  publisher = {O'Reilly},
  title     = {Designing Web APIs BUILDING APIS THAT DEVELOPERS LOVE},
  url       = {www.wowebook.org},
  year      = {2018}
}

@book{Lauret2019,
  author    = {Arnaud. Lauret},
  isbn      = {1617295108},
  pages     = {299-304},
  publisher = {Manning Publications Company},
  title     = {Design of Everyday APIs},
  year      = {2019}
}

@article{Gupta2024,
  author    = {Gupta, Ashish and Panda, Meenakshi and Gupta, Anoop},
  journal   = {International Journal of Global Innovations and Solutions (IJGIS)},
  year      = {2024},
  note      = {https://ijgis.pubpub.org/pub/7drcnfbc},
  publisher = {The New World Foundation},
  title     = {Advancing {API} {Security}: A {Comprehensive} {Evaluation} of {Authentication} {Mechanisms} and {Their} {Implications} for {Cybersecurity}}
}

@article{deAlmeida2022,
  author    = {Murilo Góes de Almeida and Edna Dias Canedo},
  doi       = {10.3390/app12063023},
  issn      = {20763417},
  issue     = {6},
  journal   = {Applied Sciences (Switzerland)},
  keywords  = {SLR,authentication,authorization,microservice,security},
  month     = {3},
  publisher = {MDPI},
  title     = {Authentication and Authorization in Microservices Architecture: A Systematic Literature Review},
  volume    = {12},
  year      = {2022}
}

@article{Huf2019,
  title     = {Composition of heterogeneous web services: A systematic review},
  author    = {Huf, Alexis and Siqueira, Frank},
  journal   = {Journal of Network and Computer Applications},
  volume    = {143},
  pages     = {89--110},
  year      = {2019},
  publisher = {Elsevier}
}

@article{Hunturu2023,
  title   = {Enterprise API transformation: Driving towards API economy},
  author  = {Gunturu, Naga Mallika},
  journal = {arXiv preprint arXiv:2304.05322},
  year    = {2023}
}

@inproceedings{Adrio2023,
  title        = {Comparative Analysis of Monolith, Microservice API Gateway and Microservice Federated Gateway on Web-based application using GraphQL API},
  author       = {Adrio, Kendricko and Tanzil, Clementius Nichklaus and Lianto, Michael Christian and Rasjid, Zulfany Erlisa},
  booktitle    = {2023 10th International Conference on Electrical Engineering, Computer Science and Informatics (EECSI)},
  pages        = {654--660},
  year         = {2023},
  organization = {IEEE}
}

@inproceedings{Moysiadis2022,
  title        = {A Cloud Computing web-based application for Smart Farming based on microservices architecture},
  author       = {Moysiadis, Vasileios and Tsakos, Konstantinos and Sarigiannidis, Panagiotis and Petrakis, Euripides GM and Boursianis, Achilles D and Goudos, Sotirios K},
  booktitle    = {2022 11th International Conference on Modern Circuits and Systems Technologies (MOCAST)},
  pages        = {1--5},
  year         = {2022},
  organization = {IEEE}
}

@inproceedings{Taibi2018,
  author = {Taibi, Davide and Lenarduzzi, Valentina and Pahl, Claus},
  year   = {2018},
  month  = {03},
  pages  = {},
  title  = {Architectural Patterns for Microservices: A Systematic Mapping Study},
  doi    = {10.5220/0006798302210232}
}

% ---------------------------------------------------------------------------------------
% ---------------------------------------------------------------------------------------
% ---------------------------------------------------------------------------------------

@inproceedings{Figueira2024,
  author    = {João Figueira and Carlos Coutinho},
  doi       = {10.1016/j.procs.2024.01.026},
  issn      = {18770509},
  booktitle = {Procedia Computer Science},
  keywords  = {Azure Container Apps,Cloud computing,Kubernetes,Microservices architecture,Self-adaptive systems},
  pages     = {264-273},
  publisher = {Elsevier B.V.},
  title     = {Developing self-adaptive microservices},
  volume    = {232},
  year      = {2024}
}
@article{Khalfaoui2025,
  author    = {Samira Khalfaoui and Hafida Khalfaoui and Abdellah Azmani},
  doi       = {10.1109/ACCESS.2025.3589285},
  issn      = {21693536},
  journal   = {IEEE Access},
  keywords  = {Automatic code generation,DevSecOps,UML class diagram,full stack,low-code approach,microservices,multilingual,software development,templates},
  pages     = {125131-125156},
  publisher = {Institute of Electrical and Electronics Engineers Inc.},
  title     = {Microservices-Driven Automation in Full-Stack Development: Bridging Efficiency and Innovation With FSMicroGenerator},
  volume    = {13},
  year      = {2025}
}
@inproceedings{Suryotrisongko2017,
  author    = {Hatma Suryotrisongko and Dedy Puji Jayanto and Aris Tjahyanto},
  doi       = {10.1016/j.procs.2017.12.212},
  issn      = {18770509},
  booktitle = {Procedia Computer Science},
  keywords  = {Complaint Services,Microservices,Spring Boot,e-Government},
  pages     = {736-743},
  publisher = {Elsevier B.V.},
  title     = {Design and Development of Backend Application for Public Complaint Systems Using Microservice Spring Boot},
  volume    = {124},
  year      = {2017}
}
@article{Kenan2020,
  author    = {Kenan CEBECİ and Ömer KORÇAK},
  doi       = {10.17671/gazibtd.558392},
  issn      = {1307-9697},
  issue     = {4},
  journal   = {Bilişim Teknolojileri Dergisi},
  month     = {10},
  pages     = {357-371},
  publisher = {International Journal of Informatics Technologies},
  title     = {Design of an Enterprise Level Architecture Based on Microservices},
  volume    = {13},
  year      = {2020}
}
@article{Nadeem2024,
  author  = {Muhammad Uzair Nadeem and Syed Muhammad Khaliq-ur-Rahman Raazi and Bilal Mehboob and Syed Mubashir Ali and Saqlain Raza},
  doi     = {10.31645/JISRC.24.22.2.7},
  issn    = {24120448},
  issue   = {2},
  journal = {Journal of Independent Studies and Research Computing},
  month   = {12},
  title   = {Cost Analysis of Running Web Application in Cloud Monolith, Microservice and Serverless Architecture},
  volume  = {22},
  url     = {https://jisrc.szabist.edu.pk/ojs/index.php/jisrc/article/view/218},
  year    = {2024}
}

@article{Khozaimi2022,
  author   = {Ach Khozaimi and Yoga Dwitya Pramudita and Firdaus Solihin and Ahmad Khairi Ramadan},
  doi      = {10.21107/kursor.v11i4.313},
  issn     = {2301-6914},
  issue    = {4},
  keywords = {Microservice,Monolithic,RESTful API,TMS-UTM,Thesis management},
  title    = {DESIGN AND DEVELOPMENT OF BACKEND APPLICATION FOR THESIS MANAGEMENT SYSTEM USING MICROSERVICE ARCHITECTURE AND RESTFUL API},
  volume   = {11},
  year     = {2022}
}
@article{Blinowski2022,
  author    = {Grzegorz Blinowski and Anna Ojdowska and Adam Przybylek},
  doi       = {10.1109/ACCESS.2022.3152803},
  issn      = {21693536},
  journal   = {IEEE Access},
  keywords  = {Azure,Software architecture,benchmarking,cloud computing,microservices,monolith,performance,scalability,software measurement},
  pages     = {20357-20374},
  publisher = {Institute of Electrical and Electronics Engineers Inc.},
  title     = {Monolithic vs. Microservice Architecture: A Performance and Scalability Evaluation},
  volume    = {10},
  year      = {2022}
}
@inproceedings{Villamizar2016,
  author    = {Mario Villamizar and Oscar Garces and Lina Ochoa and Harold Castro and Lorena Salamanca and Mauricio Verano and Rubby Casallas and Santiago Gil and Carlos Valencia and Angee Zambrano and Mery Lang},
  doi       = {10.1109/CCGrid.2016.37},
  isbn      = {9781509024520},
  booktitle = {Proceedings - 2016 16th IEEE/ACM International Symposium on Cluster, Cloud, and Grid Computing, CCGrid 2016},
  keywords  = {AWS Lambda,Amazon Web Services,cloud computing,microservice architecture,microservices,scalable applications,service oriented architectures,software architecture,software engineering},
  month     = {7},
  pages     = {179-182},
  publisher = {Institute of Electrical and Electronics Engineers Inc.},
  title     = {Infrastructure Cost Comparison of Running Web Applications in the Cloud Using AWS Lambda and Monolithic and Microservice Architectures},
  year      = {2016}
}
@article{Yoo2025,
  author    = {Chanwoo Yoo and Si-Hyun Kim and Jae-Hyuk Shin and Norhayati Mohd Ali and Abu Bakar Md Sultan and Jaewon Oh},
  doi       = {10.56977/jicce.2025.23.2.78},
  issue     = {2},
  journal   = {Journal of information and communication convergence engineering},
  month     = {6},
  pages     = {78-87},
  publisher = {Korea Institute of Information and Communication Engineering},
  title     = {Migrating Monolithic Web Applications to Microservice Architectures Leveraging Use Case and Component Similarity},
  volume    = {23},
  year      = {2025}
}

@inproceedings{Villamizar2015,
  author    = {Villamizar, Mario and Garcés, Oscar and Castro, Harold and Verano, Mauricio and Salamanca, Lorena and Casallas, Rubby and Gil, Santiago},
  booktitle = {2015 10th Computing Colombian Conference (10CCC)},
  title     = {Evaluating the monolithic and the microservice architecture pattern to deploy web applications in the cloud},
  year      = {2015},
  volume    = {},
  number    = {},
  pages     = {583-590},
  keywords  = {Companies;Computer architecture;Cloud computing;Service-oriented architecture;Complexity theory;cloud computing;microservices;service oriented architectures;SOA;scalable applications;infrastructure as a services;platform as a service;PaaS;IaaS;continuous delivery;software engineering;software architecture;microservice architecture},
  doi       = {10.1109/ColumbianCC.2015.7333476}
}

% ---------------------------------------------------------------------------------------

@inproceedings{Hardikar2021,
  author    = {Sanjay Hardikar and Pradeep Ahirwar and Sameer Rajan},
  doi       = {10.1109/ICESC51422.2021.9532917},
  isbn      = {9781665428675},
  booktitle = {Proceedings of the 2nd International Conference on Electronics and Sustainable Communication Systems, ICESC 2021},
  keywords  = {Cloud Computing,Containerization,Docker,Kubernetes,Microservices,Pod,Rancher},
  month     = {8},
  pages     = {1996-2003},
  publisher = {Institute of Electrical and Electronics Engineers Inc.},
  title     = {Containerization: Cloud Computing based Inspiration Technology for Adoption through Docker and Kubernetes},
  year      = {2021}
}

@inproceedings{Potdar2020,
  author    = {Amit M. Potdar and D. G. Narayan and Shivaraj Kengond and Mohammed Moin Mulla},
  doi       = {10.1016/j.procs.2020.04.152},
  issn      = {18770509},
  booktitle = {Procedia Computer Science},
  keywords  = {Benchmark tools,Docker Container,Virtual Machine,Virtualization},
  pages     = {1419-1428},
  publisher = {Elsevier B.V.},
  title     = {Performance Evaluation of Docker Container and Virtual Machine},
  volume    = {171},
  year      = {2020}
}
